@book{
  lawinen,
  author = {{S. Harvey} and {H. Rhyner} and {J. Schweizer}},
  title = {Lawinen},
  subtitle = {Verstehen, beurteilen und risikobasiert entscheiden},
  year = {2023},
  publisher = {Bruckmann},
  location = {München},
  presort = {1}
},
@book{
  bergsport-winter,
  author = {{K. Winkler} and {H.-P. Brehm} and {J. Haltmeier}},
  title = {Bergsport Winter},
  subtitle = {Technik, Taktik und Sicherheit},
  edition = {4},
  year = {2018},
  publisher = {SAC},
  location = {Bern},
  presort = {2}
},
@manual{
  achtung-lawinen,
  author = {{S. Harvey} and {H. Rhyner} and {L. Dürr} and {J. Schweizer} and {H. M. Henny}},
  title = {Achtung Lawinen},
  edition = {8},
  year = {2023},
  publisher = {Kern-Ausbildungsteam Lawinenprävention Schneesport},
  urldate = {2023-12-30},
  url = {https://www.wsl.ch/de/publikationen/achtung-lawinen},
  presort = {3}
},
@manual{
  mammut-barryfox,
  author = {{Mammut Sports Group AG}},
  title = {Barryvox S},
  subtitle = {Referenzhandbuch},
  urldate = {2023-12-30},
  url = {https://static.mammut.com/file/2710-00140_man_de_3-4_Barryvox_S_Referenzhandbuch.pdf},
  presort = {4}
}
